% This file was created with JabRef 2.9.2.
% Encoding: UTF8

@MISC{computer_science,
  author = {Wikipedia},
  title = {Computer science},
  owner = {guoyu},
  timestamp = {2013.12.03},
  url = {http://en.wikipedia.org/wiki/Computer_science}
}

@MISC{outline_cs,
  author = {Wikipedia},
  title = {Outline of Computer Science},
  owner = {guoyu},
  timestamp = {2013.12.03},
  url = {http://en.wikipedia.org/wiki/Outline_of_computer_science}
}

@MISC{acm,
  author = {Wikipedia},
  title = {ACM Computing Classification System},
  year = {1982},
  owner = {guoyu},
  timestamp = {2013.12.03},
  url = {http://en.wikipedia.org/wiki/ACM_Computing_Classification_System}
}

@MISC{tcp_ip,
  author = {Wikipedia},
  title = {TCP/IP协议},
  year = {1970},
  owner = {guoyu},
  timestamp = {2013.12.13},
  url = {http://zh.wikipedia.org/zh-cn/TCP/IP%E5%8D%8F%E8%AE%AE}
}

@BOOK{computing_science,
  title = {计算科学导论},
  publisher = {科学出版社},
  year = {2004},
  author = {赵致琢},
  edition = {3},
  month = {3},
  owner = {guoyu},
  timestamp = {2013.12.05}
}

